<?xml version="1.0" encoding="UTF-8"?>
<!DOCTYPE html PUBLIC "-//W3C//DTD XHTML 1.0 Transitional//EN"
    "http://www.w3.org/TR/xhtml1/DTD/xhtml1-transitional.dtd">
<html xmlns="http://www.w3.org/1999/xhtml" xml:lang="en" lang="en">
 <head>
  <title>
</title>
<meta http-equiv="Content-Type" content="text/html;charset=utf-8" />
  <meta name='ocr-system' content='tesseract 3.04.00' />
  <meta name='ocr-capabilities' content='ocr_page ocr_carea ocr_par ocr_line ocrx_word'/>
</head>
<body>
  <div class='ocr_page' id='page_1' title='image "./carminalatinaex00fahlgoog_0012.png"; bbox 0 0 3014 4380; ppageno 0'>
   <div class='ocr_carea' id='block_1_1' title="bbox 555 1164 848 1251">
    <p class='ocr_par' dir='ltr' id='par_1_1' title="bbox 555 1164 848 1251">
     <span class='ocr_line' id='line_1_1' title="bbox 555 1164 848 1251; baseline 0.003 -1"><span class='ocrx_word' id='word_1_1' title='bbox 555 1164 560 1173; x_wconf 83' lang='grc'>’</span> <span class='ocrx_word' id='word_1_2' title='bbox 662 1182 848 1251; x_wconf 77' lang='lat' dir='ltr'>INDEX.</span> 
     </span>
    </p>
   </div>
   <div class='ocr_carea' id='block_1_2' title="bbox 272 1413 1234 1571">
    <p class='ocr_par' dir='ltr' id='par_1_2' title="bbox 272 1413 1234 1571">
     <span class='ocr_line' id='line_1_2' title="bbox 383 1413 1234 1485; baseline 0.001 -13"><span class='ocrx_word' id='word_1_3' title='bbox 383 1413 500 1472; x_wconf 71' lang='lat' dir='ltr'><strong>italice:</strong></span> <span class='ocrx_word' id='word_1_4' title='bbox 1180 1430 1234 1485; x_wconf 69' lang='lat' dir='ltr'>pag.</span> 
     </span>
     <span class='ocr_line' id='line_1_3' title="bbox 272 1505 1234 1571; baseline 0.005 -16"><span class='ocrx_word' id='word_1_5' title='bbox 272 1506 382 1557; x_wconf 81' lang='lat' dir='ltr'><strong>Paulus</strong></span> <span class='ocrx_word' id='word_1_6' title='bbox 400 1511 428 1558; x_wconf 91' lang='lat' dir='ltr'>et</span> <span class='ocrx_word' id='word_1_7' title='bbox 446 1506 596 1557; x_wconf 78' lang='lat' dir='ltr'><strong>Francisea</strong></span> <span class='ocrx_word' id='word_1_8' title='bbox 613 1505 714 1571; x_wconf 79' lang='lat' dir='ltr'><strong>(Dente</strong></span> <span class='ocrx_word' id='word_1_9' title='bbox 732 1505 882 1570; x_wconf 84' lang='lat' dir='ltr'><strong>Alighieri)</strong></span> <span class='ocrx_word' id='word_1_10' title='bbox 891 1549 1169 1561; x_wconf 87' lang='grc'><strong>.......................</strong></span> <span class='ocrx_word' id='word_1_11' title='bbox 1219 1509 1234 1557; x_wconf 88' lang='grc'><strong>3</strong></span> 
     </span>
    </p>
   </div>
   <div class='ocr_carea' id='block_1_3' title="bbox 272 1594 1233 1661">
    <p class='ocr_par' dir='ltr' id='par_1_3' title="bbox 272 1594 1233 1661">
     <span class='ocr_line' id='line_1_4' title="bbox 272 1594 1233 1661; baseline 0.003 -15"><span class='ocrx_word' id='word_1_12' title='bbox 272 1595 319 1647; x_wconf 83' lang='lat' dir='ltr'>Ad</span> <span class='ocrx_word' id='word_1_13' title='bbox 337 1595 448 1646; x_wconf 75' lang='lat' dir='ltr'><strong>Italiam</strong></span> <span class='ocrx_word' id='word_1_14' title='bbox 468 1595 510 1661; x_wconf 84' lang='lat' dir='ltr'>(V.</span> <span class='ocrx_word' id='word_1_15' title='bbox 530 1597 566 1647; x_wconf 84' lang='lat' dir='ltr'>da</span> <span class='ocrx_word' id='word_1_16' title='bbox 584 1594 712 1660; x_wconf 72' lang='lat' dir='ltr'><strong>Filioeja)</strong></span> <span class='ocrx_word' id='word_1_17' title='bbox 748 1639 1169 1650; x_wconf 77' lang='grc'>....................................</span> <span class='ocrx_word' id='word_1_18' title='bbox 1219 1599 1233 1645; x_wconf 81' lang='grc'><strong>7</strong></span> 
     </span>
    </p>
   </div>
   <div class='ocr_carea' id='block_1_4' title="bbox 272 1698 1236 2037">
    <p class='ocr_par' dir='ltr' id='par_1_4' title="bbox 272 1698 1236 2037">
     <span class='ocr_line' id='line_1_5' title="bbox 381 1698 518 1759; baseline 0 -1"><span class='ocrx_word' id='word_1_19' title='bbox 381 1698 423 1758; x_wconf 74' lang='lat' dir='ltr'>An</span> <span class='ocrx_word' id='word_1_20' title='bbox 446 1699 518 1759; x_wconf 73' lang='lat' dir='ltr'><strong>lica:</strong></span> 
     </span>
     <span class='ocr_line' id='line_1_6' title="bbox 272 1714 1233 1858; baseline 0.002 -16"><span class='ocrx_word' id='word_1_21' title='bbox 272 1792 356 1844; x_wconf 78' lang='lat' dir='ltr'><strong>Vitae</strong></span> <span class='ocrx_word' id='word_1_22' title='bbox 374 1714 512 1844; x_wconf 49' lang='lat' dir='ltr'><strong>hunffanae</strong></span> <span class='ocrx_word' id='word_1_23' title='bbox 530 1792 628 1843; x_wconf 80' lang='lat' dir='ltr'><strong>fabula</strong></span> <span class='ocrx_word' id='word_1_24' title='bbox 647 1792 699 1858; x_wconf 85' lang='lat' dir='ltr'>(W.</span> <span class='ocrx_word' id='word_1_25' title='bbox 719 1791 917 1858; x_wconf 81' lang='lat' dir='ltr'><strong>Shakespeere)</strong></span> <span class='ocrx_word' id='word_1_26' title='bbox 927 1835 1170 1846; x_wconf 83' lang='grc'><strong>.....................</strong></span> <span class='ocrx_word' id='word_1_27' title='bbox 1202 1794 1233 1842; x_wconf 99' lang='grc'>11</span> 
     </span>
     <span class='ocr_line' id='line_1_7' title="bbox 273 1881 1235 1946; baseline 0.001 -14"><span class='ocrx_word' id='word_1_28' title='bbox 273 1882 315 1933; x_wconf 87' lang='lat' dir='ltr'>De</span> <span class='ocrx_word' id='word_1_29' title='bbox 334 1883 442 1934; x_wconf 76' lang='lat' dir='ltr'><strong>ineerta</strong></span> <span class='ocrx_word' id='word_1_30' title='bbox 459 1882 597 1934; x_wconf 87' lang='lat' dir='ltr'><strong>moriendi</strong></span> <span class='ocrx_word' id='word_1_31' title='bbox 616 1882 778 1933; x_wconf 83' lang='lat' dir='ltr'><strong>conditione</strong></span> <span class='ocrx_word' id='word_1_32' title='bbox 796 1881 848 1946; x_wconf 89' lang='lat' dir='ltr'>(W.</span> <span class='ocrx_word' id='word_1_33' title='bbox 868 1881 1067 1946; x_wconf 81' lang='lat' dir='ltr'><strong>Shakespeare)</strong></span> <span class='ocrx_word' id='word_1_34' title='bbox 1070 1925 1170 1936; x_wconf 87' lang='grc'>.........</span> <span class='ocrx_word' id='word_1_35' title='bbox 1203 1884 1235 1933; x_wconf 89' lang='grc'>13</span> 
     </span>
     <span class='ocr_line' id='line_1_8' title="bbox 272 1971 1236 2037; baseline 0.003 -16"><span class='ocrx_word' id='word_1_36' title='bbox 272 1971 390 2024; x_wconf 77' lang='lat' dir='ltr'><strong>Vanitas</strong></span> <span class='ocrx_word' id='word_1_37' title='bbox 410 1973 566 2024; x_wconf 78' lang='lat' dir='ltr'><strong>vanitatum</strong></span> <span class='ocrx_word' id='word_1_38' title='bbox 584 1971 636 2036; x_wconf 91' lang='lat' dir='ltr'>(W.</span> <span class='ocrx_word' id='word_1_39' title='bbox 650 1972 850 2037; x_wconf 79' lang='lat' dir='ltr'><strong>shakespeare)</strong></span> <span class='ocrx_word' id='word_1_40' title='bbox 856 2014 1170 2026; x_wconf 87' lang='grc'>...........................</span> <span class='ocrx_word' id='word_1_41' title='bbox 1203 1973 1236 2023; x_wconf 77' lang='grc'>15</span> 
     </span>
    </p>
   </div>
   <div class='ocr_carea' id='block_1_5' title="bbox 272 2075 1236 2234">
    <p class='ocr_par' dir='ltr' id='par_1_5' title="bbox 272 2075 1236 2234">
     <span class='ocr_line' id='line_1_9' title="bbox 382 2075 567 2136; baseline -0.011 0"><span class='ocrx_word' id='word_1_42' title='bbox 382 2075 567 2136; x_wconf 79' lang='lat' dir='ltr'><strong>Gemanica:</strong></span> 
     </span>
     <span class='ocr_line' id='line_1_10' title="bbox 272 2168 1236 2234; baseline 0.002 -15"><span class='ocrx_word' id='word_1_43' title='bbox 272 2170 363 2220; x_wconf 82' lang='lat' dir='ltr'><strong>Rome</strong></span> <span class='ocrx_word' id='word_1_44' title='bbox 381 2168 425 2234; x_wconf 84' lang='lat' dir='ltr'>(A.</span> <span class='ocrx_word' id='word_1_45' title='bbox 443 2168 487 2220; x_wconf 91' lang='lat' dir='ltr'>W.</span> <span class='ocrx_word' id='word_1_46' title='bbox 507 2184 564 2220; x_wconf 90' lang='lat' dir='ltr'>von</span> <span class='ocrx_word' id='word_1_47' title='bbox 582 2168 722 2234; x_wconf 83' lang='lat' dir='ltr'><strong>Sehlegel)</strong></span> <span class='ocrx_word' id='word_1_48' title='bbox 749 2211 1171 2223; x_wconf 86' lang='grc'>....................................</span> <span class='ocrx_word' id='word_1_49' title='bbox 1204 2170 1236 2218; x_wconf 87' lang='grc'>19</span> 
     </span>
    </p>
   </div>
   <div class='ocr_carea' id='block_1_6' title="bbox 272 2256 1237 2322">
    <p class='ocr_par' dir='ltr' id='par_1_6' title="bbox 272 2256 1237 2322">
     <span class='ocr_line' id='line_1_11' title="bbox 272 2256 1237 2322; baseline 0.001 -13"><span class='ocrx_word' id='word_1_50' title='bbox 272 2259 307 2309; x_wconf 92' lang='lat' dir='ltr'>In</span> <span class='ocrx_word' id='word_1_51' title='bbox 326 2274 447 2310; x_wconf 77' lang='lat' dir='ltr'><strong>amorem</strong></span> <span class='ocrx_word' id='word_1_52' title='bbox 464 2257 501 2322; x_wconf 86' lang='lat' dir='ltr'>(J.</span> <span class='ocrx_word' id='word_1_53' title='bbox 514 2258 557 2309; x_wconf 89' lang='lat' dir='ltr'>W.</span> <span class='ocrx_word' id='word_1_54' title='bbox 573 2273 630 2309; x_wconf 90' lang='lat' dir='ltr'>von</span> <span class='ocrx_word' id='word_1_55' title='bbox 645 2256 762 2321; x_wconf 80' lang='lat' dir='ltr'><strong>Goethe)</strong></span> <span class='ocrx_word' id='word_1_56' title='bbox 785 2300 1171 2312; x_wconf 86' lang='grc'><strong>.................................</strong></span> <span class='ocrx_word' id='word_1_57' title='bbox 1203 2259 1237 2308; x_wconf 92' lang='grc'>34</span> 
     </span>
    </p>
   </div>
   <div class='ocr_carea' id='block_1_7' title="bbox 272 2361 1235 2518">
    <p class='ocr_par' dir='ltr' id='par_1_7' title="bbox 272 2361 1235 2518">
     <span class='ocr_line' id='line_1_12' title="bbox 382 2361 541 2422; baseline -0.013 0"><span class='ocrx_word' id='word_1_58' title='bbox 382 2361 541 2422; x_wconf 78' lang='lat' dir='ltr'><strong>suetmca:</strong></span> 
     </span>
     <span class='ocr_line' id='line_1_13' title="bbox 272 2453 1235 2518; baseline 0.003 -14"><span class='ocrx_word' id='word_1_59' title='bbox 272 2454 319 2505; x_wconf 84' lang='lat' dir='ltr'>Ad</span> <span class='ocrx_word' id='word_1_60' title='bbox 336 2454 454 2506; x_wconf 80' lang='lat' dir='ltr'>Noctem</span> <span class='ocrx_word' id='word_1_61' title='bbox 472 2453 511 2518; x_wconf 84' lang='lat' dir='ltr'>(O.</span> <span class='ocrx_word' id='word_1_62' title='bbox 530 2454 569 2506; x_wconf 89' lang='lat' dir='ltr'>M.</span> <span class='ocrx_word' id='word_1_63' title='bbox 588 2454 726 2516; x_wconf 79' lang='lat' dir='ltr'><strong>Bellman)</strong></span> <span class='ocrx_word' id='word_1_64' title='bbox 748 2497 1171 2509; x_wconf 86' lang='grc'>....................................</span> <span class='ocrx_word' id='word_1_65' title='bbox 1202 2457 1235 2505; x_wconf 80' lang='grc'>37</span> 
     </span>
    </p>
   </div>
   <div class='ocr_carea' id='block_1_8' title="bbox 272 2542 1238 3322">
    <p class='ocr_par' dir='ltr' id='par_1_8' title="bbox 272 2542 1238 3322">
     <span class='ocr_line' id='line_1_14' title="bbox 272 2542 1236 2608; baseline 0.003 -15"><span class='ocrx_word' id='word_1_66' title='bbox 272 2544 307 2594; x_wconf 89' lang='lat' dir='ltr'>In</span> <span class='ocrx_word' id='word_1_67' title='bbox 324 2545 491 2608; x_wconf 75' lang='lat' dir='ltr'><strong>portitorem</strong></span> <span class='ocrx_word' id='word_1_68' title='bbox 509 2544 638 2608; x_wconf 86' lang='lat' dir='ltr'><strong>Stygium</strong></span> <span class='ocrx_word' id='word_1_69' title='bbox 657 2542 696 2608; x_wconf 81' lang='lat' dir='ltr'>(O.</span> <span class='ocrx_word' id='word_1_70' title='bbox 715 2543 753 2593; x_wconf 89' lang='lat' dir='ltr'>M.</span> <span class='ocrx_word' id='word_1_71' title='bbox 773 2543 910 2607; x_wconf 78' lang='lat' dir='ltr'><strong>Bellman)</strong></span> <span class='ocrx_word' id='word_1_72' title='bbox 928 2586 1171 2598; x_wconf 86' lang='grc'>....................</span> <span class='ocrx_word' id='word_1_73' title='bbox 1203 2547 1236 2595; x_wconf 85' lang='grc'>38</span> 
     </span>
     <span class='ocr_line' id='line_1_15' title="bbox 272 2633 1236 2698; baseline 0.004 -16"><span class='ocrx_word' id='word_1_74' title='bbox 272 2634 307 2684; x_wconf 89' lang='lat' dir='ltr'>In</span> <span class='ocrx_word' id='word_1_75' title='bbox 326 2649 447 2685; x_wconf 83' lang='lat' dir='ltr'><strong>amorem</strong></span> <span class='ocrx_word' id='word_1_76' title='bbox 465 2634 573 2698; x_wconf 80' lang='lat' dir='ltr'><strong>patriae</strong></span> <span class='ocrx_word' id='word_1_77' title='bbox 592 2634 632 2696; x_wconf 89' lang='lat' dir='ltr'>(B.</span> <span class='ocrx_word' id='word_1_78' title='bbox 652 2633 765 2696; x_wconf 78' lang='lat' dir='ltr'><strong>Lidner)</strong></span> <span class='ocrx_word' id='word_1_79' title='bbox 786 2676 1172 2687; x_wconf 86' lang='grc'><em>.................................</em></span> <span class='ocrx_word' id='word_1_80' title='bbox 1204 2636 1236 2684; x_wconf 85' lang='grc'>38</span> 
     </span>
     <span class='ocr_line' id='line_1_16' title="bbox 272 2721 1236 2787; baseline 0.004 -16"><span class='ocrx_word' id='word_1_81' title='bbox 272 2723 307 2773; x_wconf 89' lang='lat' dir='ltr'>In</span> <span class='ocrx_word' id='word_1_82' title='bbox 325 2724 479 2774; x_wconf 75' lang='lat' dir='ltr'><strong>Fortunam</strong></span> <span class='ocrx_word' id='word_1_83' title='bbox 497 2722 540 2785; x_wconf 85' lang='lat' dir='ltr'>(A.</span> <span class='ocrx_word' id='word_1_84' title='bbox 560 2721 598 2772; x_wconf 90' lang='lat' dir='ltr'>M.</span> <span class='ocrx_word' id='word_1_85' title='bbox 617 2723 775 2787; x_wconf 83' lang='lat' dir='ltr'><strong>Lenngren)</strong></span> <span class='ocrx_word' id='word_1_86' title='bbox 785 2765 1172 2777; x_wconf 84' lang='grc'>.................................</span> <span class='ocrx_word' id='word_1_87' title='bbox 1203 2724 1236 2773; x_wconf 84' lang='grc'>39</span> 
     </span>
     <span class='ocr_line' id='line_1_17' title="bbox 272 2809 1237 2876; baseline 0.001 -14"><span class='ocrx_word' id='word_1_88' title='bbox 272 2813 307 2862; x_wconf 92' lang='lat' dir='ltr'>In</span> <span class='ocrx_word' id='word_1_89' title='bbox 325 2813 527 2864; x_wconf 76' lang='lat' dir='ltr'><strong>obtrectatores</strong></span> <span class='ocrx_word' id='word_1_90' title='bbox 545 2810 585 2875; x_wconf 80' lang='lat' dir='ltr'>(O.</span> <span class='ocrx_word' id='word_1_91' title='bbox 605 2809 638 2862; x_wconf 81' lang='lat' dir='ltr'>G.</span> <span class='ocrx_word' id='word_1_92' title='bbox 659 2811 688 2861; x_wconf 79' lang='lat' dir='ltr'>af</span> <span class='ocrx_word' id='word_1_93' title='bbox 705 2811 842 2876; x_wconf 81' lang='lat' dir='ltr'><strong>Leopold)</strong></span> <span class='ocrx_word' id='word_1_94' title='bbox 856 2854 1171 2866; x_wconf 87' lang='grc'>...........................</span> <span class='ocrx_word' id='word_1_95' title='bbox 1204 2813 1237 2862; x_wconf 86' lang='grc'>33</span> 
     </span>
     <span class='ocr_line' id='line_1_18' title="bbox 272 2900 1238 2966; baseline 0.001 -15"><span class='ocrx_word' id='word_1_96' title='bbox 272 2902 306 2952; x_wconf 91' lang='lat' dir='ltr'>In</span> <span class='ocrx_word' id='word_1_97' title='bbox 325 2917 428 2952; x_wconf 81' lang='lat' dir='ltr'><strong>vanam</strong></span> <span class='ocrx_word' id='word_1_98' title='bbox 446 2901 564 2966; x_wconf 79' lang='lat' dir='ltr'><strong>gloriam</strong></span> <span class='ocrx_word' id='word_1_99' title='bbox 582 2900 622 2965; x_wconf 86' lang='lat' dir='ltr'>(E.</span> <span class='ocrx_word' id='word_1_100' title='bbox 643 2900 762 2965; x_wconf 74' lang='lat' dir='ltr'><strong>Tegner)</strong></span> <span class='ocrx_word' id='word_1_101' title='bbox 786 2943 1172 2955; x_wconf 88' lang='grc'><em>.................................</em></span> <span class='ocrx_word' id='word_1_102' title='bbox 1203 2901 1238 2952; x_wconf 89' lang='grc'>40</span> 
     </span>
     <span class='ocr_line' id='line_1_19' title="bbox 272 2989 1238 3054; baseline 0.001 -14"><span class='ocrx_word' id='word_1_103' title='bbox 272 2991 306 3041; x_wconf 91' lang='lat' dir='ltr'>In</span> <span class='ocrx_word' id='word_1_104' title='bbox 324 2989 457 3041; x_wconf 83' lang='lat' dir='ltr'><strong>mulieres</strong></span> <span class='ocrx_word' id='word_1_105' title='bbox 475 2989 515 3052; x_wconf 81' lang='lat' dir='ltr'>(E.</span> <span class='ocrx_word' id='word_1_106' title='bbox 536 2989 654 3054; x_wconf 73' lang='lat' dir='ltr'><strong>Tegner)</strong></span> <span class='ocrx_word' id='word_1_107' title='bbox 678 3032 1171 3043; x_wconf 86' lang='grc'><em>..........................................</em></span> <span class='ocrx_word' id='word_1_108' title='bbox 1204 2991 1238 3041; x_wconf 89' lang='grc'>40</span> 
     </span>
     <span class='ocr_line' id='line_1_20' title="bbox 272 3078 1235 3143; baseline 0.001 -13"><span class='ocrx_word' id='word_1_109' title='bbox 272 3080 307 3129; x_wconf 92' lang='lat' dir='ltr'>In</span> <span class='ocrx_word' id='word_1_110' title='bbox 324 3079 444 3130; x_wconf 90' lang='lat' dir='ltr'><strong>hiemem</strong></span> <span class='ocrx_word' id='word_1_111' title='bbox 462 3079 503 3143; x_wconf 79' lang='grc' dir='ltr'>(Ε.</span> <span class='ocrx_word' id='word_1_112' title='bbox 524 3078 642 3143; x_wconf 74' lang='lat' dir='ltr'><strong>Tegner)</strong></span> <span class='ocrx_word' id='word_1_113' title='bbox 679 3120 1172 3133; x_wconf 85' lang='grc'>..........................................</span> <span class='ocrx_word' id='word_1_114' title='bbox 1204 3079 1235 3127; x_wconf 92' lang='grc'>41</span> 
     </span>
     <span class='ocr_line' id='line_1_21' title="bbox 272 3166 1235 3232; baseline 0.001 -14"><span class='ocrx_word' id='word_1_115' title='bbox 272 3169 307 3219; x_wconf 92' lang='lat' dir='ltr'>In</span> <span class='ocrx_word' id='word_1_116' title='bbox 325 3169 512 3220; x_wconf 79' lang='lat' dir='ltr'><strong>constantiam</strong></span> <span class='ocrx_word' id='word_1_117' title='bbox 530 3168 570 3232; x_wconf 84' lang='grc' dir='ltr'>(Ε.</span> <span class='ocrx_word' id='word_1_118' title='bbox 591 3167 624 3218; x_wconf 82' lang='lat' dir='ltr'>G.</span> <span class='ocrx_word' id='word_1_119' title='bbox 645 3166 750 3231; x_wconf 71' lang='lat' dir='ltr'><strong>Geijer)</strong></span> <span class='ocrx_word' id='word_1_120' title='bbox 786 3210 1172 3222; x_wconf 88' lang='grc'>.................................</span> <span class='ocrx_word' id='word_1_121' title='bbox 1203 3168 1235 3217; x_wconf 91' lang='grc'>41</span> 
     </span>
     <span class='ocr_line' id='line_1_22' title="bbox 272 3254 1237 3322; baseline 0.001 -15"><span class='ocrx_word' id='word_1_122' title='bbox 272 3257 318 3308; x_wconf 88' lang='lat' dir='ltr'>Ad</span> <span class='ocrx_word' id='word_1_123' title='bbox 337 3272 367 3308; x_wconf 84' lang='lat' dir='ltr'>ee</span> <span class='ocrx_word' id='word_1_124' title='bbox 386 3257 479 3322; x_wconf 87' lang='lat' dir='ltr'><strong>ipsum</strong></span> <span class='ocrx_word' id='word_1_125' title='bbox 496 3257 537 3321; x_wconf 83' lang='grc' dir='ltr'>(Ε.</span> <span class='ocrx_word' id='word_1_126' title='bbox 558 3255 590 3307; x_wconf 83' lang='lat' dir='ltr'>G.</span> <span class='ocrx_word' id='word_1_127' title='bbox 611 3254 715 3320; x_wconf 81' lang='lat' dir='ltr'><strong>Geijer)</strong></span> <span class='ocrx_word' id='word_1_128' title='bbox 749 3298 1172 3310; x_wconf 83' lang='grc'>....................................</span> <span class='ocrx_word' id='word_1_129' title='bbox 1203 3257 1237 3306; x_wconf 84' lang='grc'>42</span> 
     </span>
    </p>
   </div>
   <div class='ocr_carea' id='block_1_9' title="bbox 0 0 1518 4380">
    <p class='ocr_par' dir='ltr' id='par_1_9' title="bbox 0 0 1518 4380">
     <span class='ocr_line' id='line_1_23' title="bbox 0 0 1518 4380; baseline 0 0"><span class='ocrx_word' id='word_1_130' title='bbox 0 0 1518 4380; x_wconf 95' lang='lat' dir='ltr'> </span> 
     </span>
    </p>
   </div>
  </div>
 </body>
</html>
