3014 4380
173 400 330 409 -——.—-—.
338 402 432 410 -—--
437 404 500 411 —.-

540 492 732 544 manuos
748 493 989 544 salicosam

280 847 398 915 Rebus
421 856 457 914 at
479 848 515 913 in
538 848 669 914 miseris
692 847 817 914 mansit
838 869 934 915 mens
957 847 1072 915 nescia
1094 846 1201 915 vinci:

348 973 460 1053 Quum
483 974 613 1040 fureret
635 973 763 1040 discors
785 974 932 1040 Romula
953 972 1055 1039 turba
1077 972 1153 1053 sibi,

279 1099 337 1165 uu
360 1099 455 1166 saca
477 1099 680 1166 indomitum
702 1098 770 1166 nisi
792 1099 894 1166 forta
916 1071 1017 1165 coiea
1040 1098 1193 1177 caenia

344 1226 493 1313 Dempta
516 1232 568 1292 est
589 1225 738 1304 libertas,
762 1234 798 1292 et
820 1225 965 1291 docuere
987 1223 1082 1290 mori.

277 1349 465 1437 Naufragio
488 1372 530 1417 ex
552 1373 684 1417 morum
708 1349 897 1417 constantia
919 1348 1046 1416 restitit
1067 1370 1150 1428 una;

344 1476 521 1561 Nusquam
543 1484 588 1555 tc,
611 1477 715 1555 Zeno,
738 1497 824 1562 gens
846 1475 895 1541 ita
917 1474 1023 1561 digna
1045 1473 1122 1541 fuit.

276 1599 386 1666 Ardet
408 1601 519 1667 adhuc
541 1601 674 1667 animus
697 1601 811 1668 studio
833 1622 1018 1687 generosus
1040 1599 1176 1686 agendi,

342 1727 469 1813 Ingens
493 1726 593 1793 edere
616 1749 702 1815 opus
725 1725 839 1793 nobile
861 1733 982 1814 pectus
1005 1732 1093 1792 avet.

275 1850 363 1916 Mira
383 1852 467 1918 haec
490 1852 579 1919 secla
600 1852 731 1931 volunt,
755 1873 825 1918 non
847 1850 1045 1918 admiranda
1066 1849 1188 1917 videri.

341 1976 501 2043 Maiestas
524 1977 648 2044 cedens
671 1976 841 2044 mentibus
864 1977 933 2042 alta
954 1976 1067 2044 vuum

274 2101 316 2166 In
336 2100 529 2188 circumque
545 2103 724 2189 forumque
739 2102 831 2189 fugit
846 2101 1041 2188 celsumque
1056 2101 1238 2182 theatrum,

341 2226 436 2294 Artis
459 2227 496 2292 in
517 2226 698 2314 Argolicae
722 2227 879 2314 quodque
902 2226 1043 2293 celebris
1066 2249 1163 2315 opus.

273 2351 470 2419 Marmoreis
493 2361 639 2440 surgunt
660 2351 807 2420 miraclis
830 2351 978 2419 culmina
1000 2351 1130 2431 densis3

340 2478 466 2545 Vivida
489 2477 587 2566 signa
609 2480 733 2559 ferunt,
758 2501 843 2566 gens
867 2485 1034 2566 superata,
1058 2478 1188 2565 iugum.

272 2604 426 2690 Namque
448 2604 530 2670 urbs
553 2627 622 2670 una
644 2612 738 2671 tenet
760 2611 925 2671 terrarum
948 2603 1097 2690 insignia
1120 2604 1224 2671 clara:

337 2729 447 2795 Docta
469 2751 555 2814 quae
578 2729 681 2795 finxit
703 2729 853 2796 Graecus
876 2750 1016 2795 amoena
1039 2751 1152 2808 manu,

272 2850 365 2930 Quae
388 2874 491 2918 sensu
514 2853 669 2920 abstruso
692 2853 800 2920 sancti
823 2853 937 2940 gravis
960 2852 1072 2920 accola
1094 2853 1179 2934 Nili;

157 2980 160 3061 ξ
338 2975 446 3043 Saxea
468 3000 530 3065 pro
553 2978 689 3066 templis
712 2977 903 3066 sphinxque
925 2979 1045 3066 leoque
1067 2978 1189 3057 iacent.

157 3072 159 3239 ἓ
268 3100 478 3189 Aethiopum
501 3125 520 3170 e
543 3103 632 3169 saxis
655 3103 823 3170 obeliscus
844 3105 955 3192 deque
979 3104 1092 3193 Syene

156 3210 159 3277 i

335 3227 432 3386 Rege
455 3225 608 3294 Sesostre
631 3226 712 3293 olim
734 3228 907 3295 tendere
897 3252 1009 3297 iussus
1032 3229 1098 3297 iter
