3014 4380
508 489 669 539 ΟΔΕΜΙΝΑ
688 489 822 539 tauma

182 843 478 931 Cornipedumque
500 844 602 932 lupus
626 843 778 930 sequitur
800 844 947 930 vestigia
970 850 1084 930 raptor

247 969 446 1055 Afflatoque
469 969 577 1035 ululat
600 969 711 1035 caedis
736 968 838 1035 odore
861 969 966 1034 ferox.

180 1093 271 1159 Urus
295 1093 336 1160 ab
360 1093 533 1181 Hercynia
556 1094 651 1173 silva,
676 1094 735 1180 qui
758 1116 858 1181 saepe
881 1094 1009 1181 petitus

65 1276 67 1321 Ξ
248 1218 415 1285 Cornibus
438 1219 572 1286 infestis
594 1219 737 1285 vulnera
760 1219 866 1284 multa
889 1218 993 1297 dedit,

64 1328 67 1421 J
179 1343 317 1410 Prosilit
338 1343 394 1410 hie
416 1344 563 1423 tandem,
587 1343 771 1431 perfringit
793 1343 878 1409 retia
899 1365 988 1410 vana

63 1438 66 1469 Ι
248 1468 403 1555 Sedeque
425 1469 463 1534 in
484 1468 600 1535 hostili
621 1468 710 1534 bella
733 1468 908 1534 tremenda
931 1468 1006 1534 ciet.

62 1669 65 1688 Ι
180 1595 259 1659 Non
281 1593 373 1659 cicur
395 1601 497 1679 atque
520 1602 619 1681 aptus
642 1592 744 1671 vinci,
770 1615 832 1658 ceu
854 1593 963 1658 bestia
986 1592 1075 1672 circi,

246 1719 295 1785 Ut
316 1717 427 1805 patria
449 1718 523 1806 ipse
545 1719 638 1784 ferus
660 1717 771 1804 poscit
793 1717 830 1781 in
852 1740 944 1782 arma
966 1718 1068 1786 viros.

61 1870 64 1885 ·
182 1843 405 1909 Teutonicum
427 1865 543 1909 rursus
566 1842 757 1909 demittitur
779 1842 926 1930 Alpibus
950 1865 1081 1929 agmen,

249 1968 317 2036 Sed
331 1991 499 2055 nusquam
515 1976 567 2034 est
581 1967 724 2046 Marius3
741 1975 907 2033 monstrat
922 1976 957 2032 at
971 1968 1099 2046 umbra,
1118 1969 1236 2035 volans

179 2094 327 2180 Agmine
350 2094 387 2158 in
409 2101 568 2172 extrem0,
593 2100 693 2179 gestu
715 2092 885 2186 vepallida
908 2093 990 2158 Vari

246 2219 380 2305 Tesqua
402 2218 497 2285 borei
519 2217 609 2284 orbis
633 2217 743 2283 tristia
766 2216 861 2283 clade
884 2239 953 2283 sua.

59 2414 62 2423 ,
179 2346 288 2410 Roma
310 2344 417 2423 cadet,
442 2342 491 2409 sic
513 2342 549 2409 di
572 2349 764 2408 statuerunt
787 2351 908 2408 cuncta
931 2349 1096 2429 regenteS,

246 2469 503 2554 Germanusque
526 2467 617 2534 ensis
639 2467 731 2533 iussa
753 2467 903 2555 patrabit
925 2475 1029 2533 atmrox

58 2560 61 2717 ἰ
178 2595 259 2659 Vim
273 2594 392 2682 procul
408 2599 564 2672 ostentat,
583 2591 713 2679 spernit
728 2592 862 2658 facilem
877 2592 986 2657 Attila
1001 2593 1175 2680 praedam;

58 2808 61 2817 Ι
245 2719 397 2786 Foedera
420 2718 620 2797 Germanus,
646 2719 755 2783 Roma
778 2717 906 2783 tributa
928 2717 1032 2784 dedit.

58 2824 61 2927 1
177 2843 381 2911 Vandalicas
404 2842 520 2911 Tiberi
543 2843 665 2909 classes
689 2842 770 2907 urbs
793 2841 922 2908 Punica
944 2842 1064 2921 mittit;

59 3082 61 3147 ἶ
176 3093 375 3161 Exscidium
398 3101 554 3182 spectans
577 3093 689 3159 dirum
713 3113 798 3176 quae
822 3091 936 3180 Scipio
959 3093 1078 3172 victor,

12 3243 17 3252 .
58 3198 1249 3656 Qereparet
1013 3218 1098 3284 edax

1252 2640 1254 2711 1

1252 2780 1255 2857 1

246 2969 393 3035 Tantum
415 2977 468 3036 est
489 2967 678 3034 fortunae
669 2989 736 3032 ram
760 2974 832 3033 rota
855 2989 954 3033 versa
976 2967 1071 3034 leuis
