3014 4380
487 471 679 520 Aruernos
696 470 937 520 mmmm

229 598 275 605 .-.-
296 598 365 606 -ι-
396 598 451 605 -.--
462 597 656 605 -αυ-

116 3216 326 3500 L

276 825 324 892 “O
348 825 448 891 molle
471 832 590 912 pectus
613 845 652 890 ac
674 825 861 910 benignum
884 824 943 910 qui
965 824 1066 911 geris,

273 951 411 1017 Vadens
434 973 496 1037 per
518 950 654 1015 umbras
678 950 764 1015 aeris
786 972 848 1016 nos
871 949 991 1029 visere,

273 1075 418 1141 Telluris
443 1098 523 1140 arva
546 1075 604 1160 qui
628 1097 745 1141 cruore
768 1074 944 1140 tinximus:

275 1200 380 1267 Nobis
405 1201 531 1266 amicus
555 1200 584 1266 si
607 1200 696 1266 foret
717 1199 837 1265 mundi
859 1207 965 1286 pater,

273 1327 339 1391 Pro
363 1334 397 1392 te
420 1326 554 1391 iuvaret
575 1324 720 1390 fundere
742 1323 822 1388 huic
843 1344 961 1411 preces
984 1325 1069 1412 pias,

274 1451 429 1516 Infausta
452 1450 543 1536 quod
566 1458 600 1516 te
622 1457 737 1515 nostra
761 1448 809 1514 sio
831 1456 979 1535 tangunt
1000 1450 1098 1516 mala.

274 1576 405 1641 Audire
429 1574 596 1661 quidquid
618 1582 677 1639 aut
699 1573 792 1659 loqui
815 1573 878 1639 tibi
900 1573 1021 1660 placet,

274 1701 344 1766 Nos
368 1700 564 1785 eloquemur
585 1699 743 1784 dictaque
766 1697 1039 1778 auscultabimus,

274 1826 393 1905 Quoad
416 1824 573 1903 silebunt,
598 1832 638 1889 ut
660 1823 761 1889 silent
783 1845 884 1902 nunc,
909 1823 1057 1890 flamina.

275 1951 368 2030 Quae
391 1971 445 2016 me
469 1948 596 2016 creavit
617 1948 736 2036 patria,
760 1947 841 2012 litus
864 1947 1003 2027 ediaoet,

275 2074 381 2141 Cuius
403 2096 465 2161 per
488 2096 562 2140 oras
585 2073 677 2138 unda
700 2071 876 2139 descendit
898 2072 992 2152 Pedi,

274 2199 324 2267 Ut
347 2207 426 2286 agab
448 2198 597 2284 quietem
620 2197 798 2264 comitibus
822 2196 923 2262 simul
946 2197 1025 2263 suis.

275 2324 447 2392 Generosa
470 2324 571 2389 corda
593 2330 662 2387 tom
685 2321 773 2387 celer
796 2320 909 2387 subire
932 2344 1024 2387 amor

274 2450 376 2516 Hune
398 2448 436 2513 in
457 2455 601 2515 venusto
626 2468 764 2533 corpore
787 2445 939 2511 incendio
961 2468 1046 2526 meo,

275 2573 373 2652 Quod
395 2595 461 2659 qua
483 2571 623 2659 perierit
644 2593 736 2635 nuno
759 2591 892 2656 quoque
914 2570 984 2636 urit
1005 2594 1060 2637 me
1083 2573 1187 2640 dolor.

273 2699 527 2782 Flammamque
549 2696 686 2761 flamma
709 2694 870 2761 suscitare
894 2718 1009 2761 amans
1033 2719 1125 2763 amor

274 2820 330 2890 Me
353 2822 444 2909 oepit
465 2821 566 2886 huius
589 2821 682 2886 haud
704 2842 800 2886 secus
824 2820 984 2908 cupidjne

273 2948 383 3014 Tenba
397 2986 442 2995 -
456 2945 619 3012 videsne?
634 2985 679 2994 —
694 2953 733 3011 uh
755 2967 825 3010 non
847 2946 957 3012 adhue
975 2969 1030 3013 me
1045 2948 1187 3016 deserat.

274 3073 358 3138 Lebo
382 3071 443 3137 sed
464 3070 526 3135 uni
547 3069 641 3136 misit
662 3070 742 3136 hino
765 3070 879 3136 ambos
903 3093 1009 3150 amor3

275 3197 340 3277 Qui
362 3219 424 3262 nos
447 3195 591 3275 necavit,
615 3196 707 3262 huno
730 3195 835 3262 Oa‘ina
857 3195 925 3261 iam
947 3206 1091 3264 menet.“

280 3489 878 3497 .-...-——-—-——-—.·---—..
886 3493 976 3500 .--—.
984 3495 1020 3500 --.
1025 3495 1051 3501 -.
1063 3496 1141 3502 —.-...
1149 3497 1186 3503 —..

701 3580 718 3627 4
