3014 4380
381 550 542 599 GARMINA
564 550 698 599 LAPINA

144 904 244 969 Atei
267 903 429 969 vacillans
452 903 689 989 haesitansque
713 903 865 969 succidas

144 1029 350 1114 Maestisque
373 1028 462 1094 euris
485 1028 667 1093 immorans
691 1050 801 1094 cesses
824 1028 891 1109 via,

144 1153 298 1219 Positum
314 1175 464 1219 resumes
480 1153 559 1218 inde
576 1152 713 1238 signum
729 1175 767 1218 aa
783 1175 844 1240 per
859 1153 932 1219 fera

144 1280 288 1344 Deserta
310 1300 456 1365 pergens
479 1286 616 1365 pectore
639 1277 768 1344 invicto
791 1279 889 1345 feres.

145 1403 244 1482 Quid,
270 1403 298 1467 si
321 1425 383 1489 per
406 1424 480 1467 oras
503 1403 648 1468 aetheris
669 1404 785 1469 lumen
800 1426 929 1490 vagans

146 1529 240 1593 Soles
263 1526 396 1593 videbit
419 1527 510 1593 mille
534 1528 668 1594 deverti
690 1529 790 1615 polo?

145 1653 244 1732 Quid,
269 1652 298 1717 si
321 1652 468 1719 volueris
492 1653 577 1720 falce
601 1654 743 1720 demet-it
766 1654 839 1721 dies

144 1780 273 1844 Messes
288 1778 436 1844 nitentes
453 1779 612 1858 siderum,
630 1788 780 1865 segetem
796 1781 953 1846 auream?

145 1905 237 1982 Quae
255 1926 334 1969 vera
351 1904 466 1982 sentis,
484 1926 570 1990 quae
587 1905 667 1969 eolis
684 1905 833 1990 flagrans
849 1906 947 1984 bona,

146 2030 238 2109 Quae
262 2030 401 2116 pulchra
425 2029 540 2115 fingis,
564 2030 657 2094 nulla
680 2030 828 2096 vastabit
851 2031 933 2097 dies.

144 2157 270 2241 Erepta
293 2154 411 2220 messis
434 2155 517 2220 haee
540 2154 690 2220 manebit
713 2156 871 2242 tempori3

145 2281 270 2366 Magno
295 2288 404 2344 creata
428 2278 524 2344 vivet
547 2288 721 2344 aeternum
745 2281 818 2345 dee.

145 2405 307 2483 Mortalis,
332 2403 396 2471 eia!
422 2427 536 2491 perge,
561 2427 654 2490 gens,
680 2404 791 2471 animo
814 2406 916 2473 bono!

145 2532 232 2595 Nam
249 2530 348 2595 eorde
365 2528 470 2594 vitam
486 2529 622 2616 proprio
641 2539 812 2596 aeternam
827 2531 927 2617 geris,

603 2717 620 2754 ³1³

530 2767 547 2804 a:

163 2914 227 2981 Cui
250 2913 417 2980 desiderio
441 2923 578 3000 pectora
601 2913 733 2980 fervido

162 3039 245 3105 Veri
269 3047 373 3104 torret
396 3061 497 3117 amor,
521 3046 627 3105 torret
650 3062 743 3106 amor
765 3040 855 3118 boni,

162 3167 331 3232 Aeternae
355 3166 450 3230 fovet
473 3164 528 3231 hie
551 3165 651 3231 eorde
675 3165 886 3231 reconditum

268 3291 369 3356 Vitae
393 3291 518 3378 pignus
542 3290 578 3356 in
601 3291 730 3356 intimo.
