3014 4380
401 438 411 443 ..
425 438 431 443 .
439 436 852 444 ...-.......-..--.—..—.-.-.
860 436 953 442 ..........-
960 436 1037 443 -..
1044 432 1271 443 m,-

494 523 685 574 strennus
701 523 943 573 raetorum

129 652 209 660 -υ
215 653 250 659 --
258 652 345 659 ...ψ-.-
354 651 421 658 --—·
769 651 924 658 ..a—...aa
930 651 951 657 .-
966 652 985 657 —
991 652 1178 658 --.—-.-——-..-.-
1188 652 1200 656 -
1206 653 1211 656 .
1231 648 1271 655 ——-·

278 878 526 963 Procerumque
549 877 667 959 fastus,
692 899 729 943 os
752 883 959 965 potestatum
982 876 1099 944 minax

277 1003 456 1088 Morasque
479 1002 604 1088 legum,
628 1002 699 1068 vim
722 1009 945 1089 tyrannorum
968 1003 1077 1069 feram

279 1126 459 1215 Spretique
483 1126 605 1192 amoris
627 1126 770 1193 vulnera
793 1134 852 1192 aut
873 1126 1024 1205 iniurias,

277 1252 359 1318 Mali
381 1253 547 1317 bonorum
570 1253 646 1337 quis
668 1257 828 1338 premunt
850 1251 1061 1333 modestiam,
1327 1232 1332 1395 1

278 1378 316 1443 Si
339 1384 454 1464 posset
476 1376 550 1464 ipse
573 1375 727 1442 debitum
750 1375 933 1443 rescribere
1283 1458 1285 1467 ‚

277 1504 439 1568 Muorone
463 1502 602 1568 adacto?
639 1501 721 1580 Quis
744 1523 806 1588 per
829 1501 904 1569 sevi
927 1509 997 1568 tam
1020 1526 1144 1590 graves
1283 1494 1286 1607 j

277 1630 432 1694 Portaret
454 1648 560 1692 annos
583 1648 685 1693 onero
709 1627 834 1693 sudans
858 1650 897 1694 ao
919 1629 1078 1708 fremens,

277 1753 352 1820 Nisi
375 1751 523 1831 anxium,
548 1758 625 1839 post
648 1752 718 1816 fata
742 1751 824 1837 quid
847 1752 936 1819 foret
959 1775 1071 1841 super,

277 1876 441 1966 Regionis
463 1878 582 1943 horror
603 1876 796 1963 irrepertse
821 1878 913 1944 unde
935 1878 1027 1946 haud
1049 1880 1131 1949 licet

276 2003 413 2082 Redire,
438 2002 538 2068 corde
561 2000 756 2067 turbulento
779 2000 941 2081 vinceret,

276 2129 324 2196 Ut
347 2127 530 2194 sustineret
553 2134 649 2192 sueto
672 2124 739 2190 iam
761 2126 875 2212 potius
899 2129 996 2207 mals,

277 2255 385 2334 Quom
407 2257 540 2340 peteret
562 2249 636 2329 alia,
660 2258 740 2324 noto
763 2272 849 2336 quae
872 2253 1024 2320 nondum
1046 2256 1182 2323 forent?

277 2379 334 2445 Sic
356 2378 457 2444 eorda
479 2375 609 2463 frangit
632 2383 753 2442 ounoto
776 2376 990 2457 conscientia,

276 2504 441 2591 Colorque
465 2524 566 2569 sanus
589 2501 691 2569 fortia
714 2502 870 2569 audentis
893 2503 960 2569 viri

274 2631 316 2694 In
338 2628 557 2717 ponderantis
581 2627 773 2693 morbidum
796 2627 958 2714 pallorem
981 2630 1061 2709 abit,

273 2755 318 2821 Et
341 2756 429 2821 celsa
451 2754 561 2820 virtus
585 2752 752 2839 quidquid
775 2774 857 2817 ausa
879 2759 931 2818 est
954 2755 1083 2820 roboris

275 2880 422 2966 Suoique
444 2880 593 2966 plenum,
619 2878 777 2967 scrupulo
800 2879 864 2944 hoo
887 2878 1082 2946 deflectitur

273 3007 316 3070 In
337 3027 482 3091 pravum
504 3003 713 3089 inertiaeque
735 3025 859 3070 nomen
881 3003 955 3070 iure
977 3005 1089 3073 habet.

693 3201 736 3252 W.
754 3202 948 3263 Summus,
969 3205 1082 3268 Hamlet,
1102 3207 1158 3257 III.
1299 3190 1301 3291 Ξ

1300 3294 1302 3327 ι
