3014 4380
531 466 722 517 Auruncus
738 465 979 516 rfflncmrz

160 838 163 853 ¹
273 822 414 886 Pectora
436 821 647 909 permulcent
669 843 845 887 nemorum
867 843 931 886 nec
953 819 1067 886 dulcia
1090 820 1201 886 flabra

340 948 412 1012 Nee
433 945 611 1012 volucrum
634 953 752 1011 cantus
774 968 839 1013 nec
861 945 963 1012 maris
986 944 1080 1010 unda
1101 965 1235 1010 sonans.

274 1069 343 1136 Sed
365 1070 450 1136 mihi
473 1078 569 1159 parta
592 1070 702 1157 quies;
734 1071 840 1137 stellis
864 1071 950 1159 Spes
974 1070 1085 1136 cincta
1107 1070 1237 1137 serenis

340 1196 417 1261 Fati
440 1196 507 1262 iam
530 1195 687 1262 tenebras
710 1197 785 1263 luce
807 1195 939 1262 nitente
962 1197 1068 1283 fugat.

700 1373 797 1439 XIV.

275 1496 350 1563 Stat
373 1504 432 1561 tua
455 1497 552 1575 celsa,
569 1506 691 1585 potens
707 1498 839 1575 Fatum,
858 1519 960 1585 super
976 1498 1112 1564 aethera
1128 1497 1235 1576 sedes,

340 1624 473 1688 Ducere
497 1629 535 1687 tu
559 1623 696 1688 choreas
720 1621 830 1688 sidera
853 1644 976 1709 magna
998 1622 1106 1689 iubes.

273 1746 421 1812 Mundos
443 1745 614 1824 aedificas,
639 1746 784 1812 mundos
807 1753 845 1811 tu
869 1746 1026 1825 destruis,
1050 1754 1086 1812 at
1108 1769 1179 1813 non

318 1870 422 1937 Terra
444 1871 508 1937 tibi
530 1879 641 1958 paret;
671 1872 756 1936 Fors
780 1892 820 1937 ea
841 1892 947 1958 regna
969 1878 1072 1938 tenet.

272 1995 419 2062 Pulvere
441 1996 574 2062 velatae
597 1995 687 2062 tristi
710 1995 844 2061 deserta
866 2017 928 2083 per
951 1996 1062 2084 ampla

339 2120 463 2186 Errant
484 2120 541 2186 hic
564 2120 705 2199 animae,
730 2119 833 2208 stirps
857 2142 1020 2207 generosa
1041 2120 1118 2187 Dei.

274 2246 457 2324 Quaerunt,
481 2242 538 2311 ahl
564 2246 690 2311 frustra
713 2244 903 2331 fugientem
925 2245 1054 2311 lumina
1076 2245 1195 2324 finem,

342 2371 454 2449 Quum
477 2370 603 2457 patrias
627 2369 724 2437 sedes
748 2370 928 2437 deseruere
951 2371 1064 2437 semel.

274 2495 475 2582 Diffugiunt
497 2495 635 2561 meliora
657 2495 775 2582 magis,
800 2495 982 2582 peioraque
1006 2504 1163 2584 serpunt;

341 2619 454 2686 Parcit
476 2619 585 2686 hiems
609 2619 726 2707 spinis,
751 2626 786 2685 at
808 2642 883 2686 rosa
905 2620 1047 2708 pulchra
1068 2620 1169 2708 perit.

274 2746 389 2811 Aurea
404 2753 577 2809 amantum
593 2744 684 2833 spes!
711 2744 911 2832 Sapientum
927 2744 1124 2811 abscondita
1140 2746 1251 2813 sensa!

341 2870 494 2936 Flamma
516 2870 638 2957 vigens
661 2869 792 2936 vatum!
822 2870 895 2948 Quo
918 2869 1076 2937 tenuistis
1100 2870 1187 2937 iter?

275 2995 442 3083 Tempora
464 2995 626 3062 vincendi
647 3017 717 3062 non
740 3002 792 3061 est
814 2995 893 3061 data
916 2995 1013 3084 copia
1035 2994 1149 3075 vobin

341 3120 497 3208 Arguitis
520 3120 667 3186 Fatum?
701 3121 786 3187 Fors
809 3119 946 3186 inimica
968 3119 1086 3207 magis.

966 3282 997 3333 Ε.
1016 3282 1043 3334 J.
1063 3282 1240 3336 Srssunnrus.
