3014 4380
302 476 305 517 ³
672 517 865 566 Aruernus
883 517 1123 566 rnsncmsra
1487 554 1488 579 q

419 643 587 651 Δ..ο.--ι----ι--

1486 690 1488 753 t

414 870 539 959 Aspice
562 871 735 957 gramineo
759 879 935 960 carpentes
957 871 1082 960 pabula
1104 871 1204 951 cliv03

482 995 589 1075 Quam
611 995 706 1074 nihil,
732 1019 784 1075 en,
810 996 890 1063 Caci
912 1003 1002 1064 tecta
1024 996 1139 1063 dolosa
1161 995 1304 1084 pavent!
1484 1014 1487 1159 ⁴

414 1119 580 1186 Comibus
604 1120 703 1185 aeriis
727 1129 878 1187 armenta
901 1130 935 1188 et
958 1143 1096 1210 corpore
1118 1128 1215 1187 vasto
1484 1184 1486 1233 y

480 1247 581 1310 Nunc
604 1267 736 1331 quoque
760 1243 971 1334 conspiciens
995 1245 1173 1334 Geryones
1195 1252 1305 1334 putes.
1483 1282 1486 1347 ὅ

301 1424 304 1473 i
412 1370 478 1447 Ah,
505 1376 629 1455 quanto
652 1369 710 1435 illa
731 1370 816 1436 viris
838 1369 1024 1459 praestant!
1059 1370 1167 1437 Istine
1191 1370 1363 1450 Quirites?
1483 1370 1485 1395 “

480 1494 622 1560 Militiae
646 1494 750 1561 durae
774 1495 871 1561 fortis
896 1495 1040 1582 equique
1064 1495 1187 1562 rudes?
1483 1478 1485 1483 ⁵

301 1660 303 1685 !
415 1619 459 1685 Se
481 1619 577 1685 velut
599 1619 729 1699 illudat,
755 1620 920 1708 Campum
941 1621 1102 1707 degressa
1124 1621 1161 1686 in
1183 1621 1347 1709 apricum,

301 1828 303 1841 Ι
480 1745 579 1830 Itque
602 1744 757 1830 reditque
780 1768 918 1831 vagans,
943 1745 1069 1833 pallida
1091 1745 1191 1812 turba
1212 1746 1336 1825 virum,

301 1880 303 1953 ξ
415 1868 657 1956 Quodcumque
680 1870 804 1949 evenit,
830 1892 973 1949 cessans,
998 1870 1123 1958 ignava
1146 1878 1289 1950 caterva,

479 1993 651 2080 Antiquae
674 1995 793 2061 aetatis
817 1995 905 2062 dona
928 2017 1075 2082 suaeque
1098 2003 1227 2084 petens.

414 2117 577 2205 Virgineo
601 2140 722 2206 segnes
745 2119 812 2185 nisi
834 2141 908 2185 rore
931 2119 1087 2208 Agrippa
1109 2120 1243 2208 rigaret,

479 2242 599 2309 Aerias
621 2243 750 2330 liquido
774 2243 869 2310 fonte
892 2252 1027 2310 secante
1049 2245 1132 2325 vias,

411 2370 630 2455 Languerent
652 2368 720 2434 acri
744 2367 890 2434 sitientis
914 2368 1034 2436 sideris
1058 2377 1154 2437 aestu

477 2494 550 2559 Aut
572 2494 723 2582 tepidam
745 2493 902 2560 biberent
923 2516 1032 2580 usque
1055 2495 1189 2583 paludis
1213 2519 1344 2584 aquam.

300 2610 302 2691 ἶ
411 2617 593 2704 Fragmina
609 2618 638 2684 si
648 2625 804 2684 veterum
820 2618 980 2685 decorant
994 2641 1086 2685 nunc
1102 2621 1228 2708 templa
1238 2631 1374 2703 novata,

300 2715 302 2837 ἶ
478 2742 515 2807 Si
538 2765 599 2830 pro
624 2751 738 2809 sancta
761 2765 818 2808 ara
841 2765 877 2809 se
901 2751 1016 2831 stupet
1038 2766 1124 2809 urna
1147 2745 1219 2825 coli,

299 2860 302 2955 ξ
408 2867 445 2932 Si
467 2867 535 2932 iam
558 2868 750 2955 sumpsistis
773 2868 919 2955 Libycas
935 2868 1171 2956 Phrygiasque
1188 2872 1371 2952 columnas,
1479 2896 1481 2943 t

478 2991 609 3058 Sumite
632 2992 675 3058 de
698 2992 818 3079 priscis
841 2992 943 3058 fortia
966 2993 1066 3059 corda
1089 2993 1204 3060 simul!

299 3116 302 3175 Ξ
412 3117 501 3196 Quid
525 3113 663 3204 precor?
691 3117 837 3184 Arentes
860 3119 934 3184 vidi
954 3119 1046 3185 haud
1062 3141 1157 3186 secus
1173 3121 1375 3209 Apenninas
1481 3124 1482 3131 '

480 3241 639 3320 Quercus,
666 3265 748 3328 quas
772 3244 915 3310 hederae
941 3245 1105 3310 Bacchica
1127 3245 1225 3332 virge
1247 3268 1376 3334 sequax
1481 3216 1485 3287 ⁴!

303 3498 1487 3559 -..--.-.-..----.,-,--ξ-Ι

875 3632 908 3681 30
