3014 4380
498 508 660 558 onnam
677 508 813 558 LATINA

167 861 226 927 Nil
248 869 348 929 nocet
370 862 525 929 infensus
550 862 694 941 Samnis,
717 863 767 928 nil
790 862 908 929 Gallus
931 870 967 930 et
988 863 1088 942 Aler3

235 988 302 1054 Per
324 1010 361 1055 se
383 989 493 1055 Rome
506 988 627 1055 ¹cadet:
653 988 701 1054 sie
724 995 783 1054 tua
806 988 877 1055 fate
899 986 1027 1054 iubent.

168 1113 313 1179 Ferrum
336 1113 396 1200 qui
417 1113 567 1202 tempsit,
591 1114 754 1181 deflectat
775 1113 892 1180 lumen
915 1113 956 1178 ab
981 1135 1077 1193 aur03

235 1239 333 1318 Eece,
357 1261 476 1307 necem
498 1239 577 1307 visu
600 1262 662 1306 ceu
684 1238 862 1306 basiliscus
885 1237 997 1305 habet.

170 1363 288 1430 Credis
310 1363 460 1432 habendi
482 1373 589 1432 artem
612 1373 646 1431 te
669 1387 779 1443 nesse,
804 1363 929 1430 oblitus
953 1359 1074 1451 egere?

235 1488 308 1555 Aut
330 1489 504 1557 dominere
526 1489 591 1556 tibi
613 1497 673 1557 aut
694 1488 847 1576 undique
870 1487 983 1556 vinela
1006 1486 1092 1553 subi.

169 1616 248 1681 Non
269 1615 424 1681 satianda
446 1615 552 1682 libide
575 1615 681 1694 ardet,
704 1622 909 1700 vectumque
932 1635 994 1702 per
1010 1633 1136 1698 aequor

235 1741 360 1806 Inseno
382 1739 492 1828 pretio
515 1748 583 1807 stat
604 1740 726 1807 furiale
749 1740 855 1806 nefas.

169 1865 308 1932 Venalis
331 1865 442 1954 patria
464 1875 529 1933 est:
553 1867 650 1933 fulvo
673 1865 747 1945 tibi,
772 1866 901 1944 Crasse,
926 1865 1076 1942 metall0;

236 1990 389 2057 Ambitio
412 2013 565 2079 regnum,
589 2014 731 2059 munera
753 1992 879 2078 vulgus
902 1999 990 2058 avet.

169 2115 315 2184 Nomine
339 2117 458 2183 Scauri
480 2118 562 2184 esais
584 2117 765 2205 Fabiiqne;
790 2118 851 2184 sed
874 2117 941 2183 alta
964 2115 1124 2182 rubentes

236 2241 404 2309 Maiorem
427 2242 563 2330 effigies
586 2243 671 2309 atria
693 2250 808 2309 vestra
830 2241 960 2309 vident.

170 2369 365 2454 Degeneres
387 2375 485 2434 natos
509 2368 624 2435 educit
646 2369 797 2456 degener
819 2375 920 2434 aetas.

238 2492 419 2582 Oppositas
442 2494 572 2580 frangit
593 2493 701 2582 pestis
724 2492 844 2560 acerba
866 2514 987 2559 moras.

172 2618 292 2685 Omnia
314 2626 405 2684 taeta
427 2619 528 2685 malo:
552 2618 691 2684 libertas
715 2640 816 2685 saeva
837 2617 953 2696 libido,

237 2747 296 2811 Ius
319 2745 460 2832 laqueus
483 2745 586 2810 fallax
609 2743 662 2823 fit,
685 2744 863 2832 pietasque
886 2742 994 2810 delus.

172 2870 266 2951 Quae
288 2878 470 2958 praecepta
491 2868 588 2937 dedit
610 2868 799 2957 priscorum
823 2867 967 2934 eandida
988 2866 1109 2945 virtus,

238 2995 321 3062 Aeri
344 2995 513 3083 insculpta
536 3003 651 3062 temen
673 2994 765 3061 delet
787 3016 889 3060 avara
912 2993 995 3060 dies.

172 3119 263 3200 Quid
285 3129 429 3200 maneat,
454 3120 484 3185 si
506 3119 645 3186 libertas
668 3119 760 3186 eadit
781 3119 910 3207 inelyte
932 3116 1082 3184 Romae?

238 3245 305 3323 Ah,
328 3244 416 3311 nihil
437 3245 475 3310 in
497 3245 596 3312 terris
619 3267 688 3311 non
712 3266 773 3310 sua
795 3244 867 3310 fata
888 3244 1037 3309 trahunt.
