3014 4380
601 515 762 564 OARMNA
781 514 916 564 nnuma
997 511 999 516 ⁴

274 872 379 939 Venti
402 896 503 939 rauca
525 880 659 939 sonant:
685 873 813 938 instant
836 872 1012 960 frigusque
1032 873 1211 959 nivesque;

340 998 453 1065 Triste
475 1020 615 1086 gemens
637 999 795 1086 platanus
818 999 967 1064 oonoutit
986 1021 1095 1084 usque
1113 1020 1233 1064 eomas.

273 1124 367 1190 Voce
389 1146 453 1191 nee
474 1123 512 1189 in
535 1123 629 1189 silvis
653 1123 806 1209 queritur
828 1123 1014 1190 Philomela
1036 1146 1167 1201 canora,

340 1250 412 1314 Nee
434 1249 545 1315 violae
568 1249 697 1335 fragrat
718 1248 817 1315 vallis
841 1249 943 1315 odore
966 1248 1091 1315 virens.

273 1375 411 1451 Natura,
429 1375 516 1439 alma
531 1396 662 1461 parens,
680 1374 740 1439 ubi
755 1374 823 1440 iam
838 1375 939 1441 decor
954 1381 1055 1461 atque
1071 1369 1254 1440 venustas?

341 1499 463 1588 Spicea
485 1523 554 1565 non
577 1500 720 1587 cingunt
743 1501 832 1567 serta
855 1523 1016 1587 rosaeque
1039 1509 1150 1588 eaput.

275 1623 425 1704 Cessent,
450 1623 507 1690 ah!
531 1626 684 1703 blandae,
710 1626 877 1714 spirantes
900 1626 1046 1692 molliter
1068 1647 1178 1704 aurae,

340 1752 412 1816 Neo
435 1749 518 1816 seris
542 1751 684 1816 errantis
707 1751 792 1817 flore
814 1751 963 1838 benigna
984 1752 1085 1818 viam.

273 1874 442 1941 Pallentes
465 1883 558 1940 artus
582 1876 729 1941 resoluta
752 1898 871 1963 sopore
895 1875 1054 1962 quiescis3

340 1998 509 2065 Tristibus
533 2023 551 2066 e
575 1999 703 2086 tesquis
726 2000 855 2065 lumina
878 2001 959 2066 tollo
981 2002 1069 2088 polo.

274 2123 410 2204 (llarior,
436 2126 573 2191 aestatis
598 2148 698 2212 quam
720 2125 817 2192 fulsit
839 2126 996 2192 noctibus
1020 2127 1135 2205 almae,

338 2250 488 2317 Aethera
510 2273 602 2316 nuno
624 2250 746 2317 lustrat
769 2250 917 2338 Cynthia
939 2252 1014 2318 luoe
1036 2275 1133 2339 vaga.

273 2374 434 2442 Caeruleo
457 2375 615 2442 ardentes
639 2376 755 2443 stellae
778 2377 965 2443 densentur
987 2376 1124 2464 olympo

338 2502 380 2566 In
403 2502 568 2587 sedesque
590 2508 723 2580 vocant,
749 2524 831 2588 quas
855 2501 935 2568 oolit
958 2503 1025 2568 alta
1049 2501 1152 2589 quies.

273 2623 310 2702 Ο,
335 2625 439 2691 animi
463 2627 596 2713 quando
620 2627 796 2693 solventur
817 2626 954 2693 vincula
977 2627 1081 2694 fessi‘l

337 2751 435 2816 Mens
459 2752 593 2837 quando
617 2750 709 2830 felir,
733 2751 830 2829 laeta,
856 2752 965 2816 soluta
987 2752 1078 2838 iugo,

256 2874 455 2965 'Purpureis
479 2875 540 2941 alis
564 2875 715 2941 habitata
736 2875 803 2964 piis
826 2877 899 2942 looa
921 2876 1019 2955 viset,

339 2998 432 3077 Quae
455 2999 622 3086 crepitant
644 3000 765 3087 palmis
789 3000 1019 3086 clarisonaque
1042 3000 1136 3087 lyra'l

269 3121 403 3203 Aestas,
428 3124 509 3191 heu!
534 3125 633 3211 fugit,
660 3124 782 3211 quibus
806 3133 841 3192 et
863 3125 978 3191 tristes
1000 3125 1085 3190 mihi
1107 3125 1198 3191 vitae

337 3247 488 3313 Distinxi
511 3271 656 3336 campos,
680 3248 840 3316 interiere
864 3247 972 3316 rosae!
